@book{Künstliche_Intelligenz,
  author = {Andrea Cornelius},
  year = {2019},
  title = {Künstliche Intelligenz: Entwicklungen, Erfolgsfaktoren und Einsatzmöglichkeiten},
  publisher = {Haufe},
  address = {Deutschland}
}

@book{Websites_Optimieren_Das_Hand_Buch,
  author = {Christian Wenz,Tobias Hauser},
  year = {2013},
  title = {Websites Optimieren Das Hand Buch},
  publisher = {Springer Vieweg},
  address = {Deutschland}
}

@book{Grundkurs_Gutes_webdesign,
  author = {Björn Rohles UND Jürgen Wolf},
  year = {2023},
  isbn = {9783836293495},
  title = {Grundkurs gutes Webdesign: alles, was Sie über Gestaltung im Web wissen sollten.},
  publisher = {Rheinwerk Verlag},
  address = {Bonn},
  edition = {3}
}

@book{masteringCollab,
  author = {Natasha Hampshire UND Glaudia Califano UND David Spinks},
  year = {2022},
  isbn = {978-1-4842-8254-0},
  title = {Mastering Collaboration in a Product Team},
  publisher = {Apress},
  address = {Berkeley, CA},
  edition = {3}
}

@book{praxisbuch_usability_und_ux,
  author = {Jens Jacobsen UND Lorena Meyer},
  year = {2022},
  isbn = {9783836288408},
  title = {Praxisbuch Usability und UX : Was alle wissen sollten, die Websites und Apps entwickeln},
  publisher = {Rheinwerk Verlag},
  address = {Bonn, Germany},
  edition = {3}
}

@book{sql_and_nosql,
  author = {Michael Kaufmann UND Andreas Meier},
  year = {2023},
  isbn = {978-3-031-27908-9},
  title = {SQL and NoSQL Databases},
  publisher = {Springer},
  address = {Cham, Switzerland},
  edition = {2}
}

@book{reposi,
  author = {Brian L. Gorman},
  year = {2022},
  isbn = {978-1-4842-7301-2},
  title = {Practical Entity Framework Core 6},
  publisher = {Apress},
  address = {Berkeley, CA},
  edition = {2}
}




@book{sql_and_nosql_kleuker,
  author = {Stephan Kleuker},
  year = {2024},
  isbn = {978-3-658-43023-8},
  title = {NoSQL mit MongoDB und Java},
  publisher = {Springer Vieweg},
  address = {Wiesbaden},
  edition = {5}
}




@book{Suchmaschinen_Optimierung,
  author = {Sebastian Erlhofer},
  year = {2020},
  title = {Suchmaschinen Optimierung: Das umfassende Handbuch},
  publisher = {Rheinwerk},
  address = {Bonn, Germany}
}

@book{angular_comps,
  author = {Nir Kaufman UND Thierry Templier},
  year = {2016},
  title = {Angular 2 Components},
  publisher = {Packt Publishing Ltd},
  address = {UK},
  isbn = {9781785882340}
}


@book{Angular_Router,
  author = {Victor Savkin},
  year = {2017},
  title = {Angular Router},
  publisher = {Packt Publishing Ltd},
  address = {UK}
}

@book{usability_beier_gizycki,
  author = {Markus Beier UND Vittoria von Gizycki},
  year = {2002},
  isbn = {978-3-642-56377-5},
  title = {Usability Nutzerfreundliches Web-Design},
  publisher = {Springer Berlin},
  address = {Heidelberg},
  edition = {1}
}

@book{menschenzentrierte_digitalisierung,
  author = {Prof. Dr. Simon Nestler},
  year = {2022},
  isbn = {978-3-658-36334-5},
  title = {Menschzentrierte Digitalisierung},
  publisher = {Springer Gabler},
  address = {Wiesbaden, Germany}
}

@book{REST_API_Development_with_Node.js,
  author = {Fernando Doglio},
  year = {2018},
  title = {Manage and Understand the Full Capabilities of Successful REST Development},
  publisher = {SSBM Finance Inc},
  address = {Uruguay}
}


@book{architekturmuster,
  author = {Joachim Goll UND Micha Koller UND Michael Watzko},
  year = {2023},
  title = {Architektur- und Entwurfsmuster der Softwaretechnik},
  publisher = {Springer Vieweg},
  address = {Wiesbaden},
  isbn = {978-3-658-42384-1},
  edition = {3}
}

@book{webapi,
  author = {Irina Dominte},
  year = {2023},
  title = {Introducing Web API},
  publisher = {Apress},
  address = { Berkeley, CA},
  isbn = {978-1-4842-9348-5},
  edition = {1}
}



@book{Webdesign_und_Web_Usability,
  author = {Balzert UND Heide UND Uwe Klug UND UND Anja Pampuch},
  year = {2009},
  title = {Webdesign und Web-Usability: Basiswissen für Web-Entwickler},
  publisher = {W3L-Verlag.},
  address = {}
}

@book{praxiswissen_docker,
  author = {Karl Matthias UND Sean Kane},
  year = {2023},
  title = {Praxiswissen Docker},
  publisher = {O'Reilly Verlag},
  address = {Heidelberg},
  isbn = {9783960108320}
}

@misc{Vertrauenwuerdigkeit_Plattform,
  author = {Ulla Coester, Norbert Pohlmann},
  title = {Vertrauenwürdigkeit_Plattform},
  year = {ohne Datum},
  note = {\url{https://xn--vertrauenswrdigkeit-gbc.com/}},
  publisher = {@Copyright 2024},
   addendum = {(besucht am 21.04.2024)}
}

@misc{Forschungsbericht_zur_Anwender,
  author = {Ulla Coester, Norbert Pohlmann},
  title = {Forschungsbericht zur Anwender},
  year = {ohne Datum},
  note = {\url{https://xn--vertrauenswrdigkeit-gbc.com/}},
  publisher = {@Copyright 2024},
  addendum = {(besucht am 21.04.2024)}
}
@misc{Elementarer_Aspekt_der_digitalen_Zukunft,
  author = {Ulla Coester, Norbert Pohlmann},
  title = {Elementarer Aspekt der digitalen Zukunft},
  year = {24. November 2021},
  note = {https://norbert-pohlmann.com/artikel/vertrauen-ein-elementarer-aspekt-der-digitalen-zukunft/},
  publisher = {Springer Vieweg},
  addendum = {(besucht am 21.04.2024)}
}

@misc{Vertrauenswuerdigkeits_Modell,
  author = {Ulla Coester, Norbert Pohlmann},
  title = {Vertrauenswürdigkeits-Modell},
  year = {ohne Datum},
  note = {\url{https://vertrauenswuerdigkeit.com/vertrauenswuerdigkeits-modell-its-all-about-trust/}},
  publisher = {@Copyright 2024},
  addendum = {(besucht am 21.04.2024)}
}
@misc{Vertrauen_der_Nutzer,
  author = {Ulla Coester, Norbert Pohlmann},
  title = {Vertrauen der Nutzer},
  year = {ohne Datum},
  note = {\url{https://vertrauenswuerdigkeit.com/vertrauenswuerdigkeits-agenda-its-all-about-trust/}},
  publisher = {@Copyright 2024},
  addendum = {(besucht am 21.04.2024)}
}
@misc{Ziel_der_Plattform,
  author = {Ulla Coester, Norbert Pohlmann},
  title = {Ziel der Vertrauenswürdigkeits Plattform},
  year = {ohne Datum},
  note = {\url{https://vertrauenswuerdigkeit.com/ziel-des-projekts/}},
  publisher = {@Copyright 2024},
  addendum = {(besucht am 27.04.2024)}
}

@misc{Forschungsbericht_Anwender_Studie_TrustKI,
  author = {Ulla Coester},
  title = {Informationen zur Anwender-Studie TrustKI},
  year = {2024},
  note = {https://vertrauenswuerdigkeit.com/},
  publisher = {@Copyright 2024},
  addendum = {(besucht am 15.04.2024)}
}

@misc{Search_Results_Design,
  author = {Louis Lazaris},
  title = {Search Results Design: Best Practices and Design Patterns},
  year = {2009},
  note = {\url{https://www.smashingmagazine.com/2009/09/search-results-design-best-practices-and-design-patterns/}},
  publisher = {Smashing magazine},
  addendum = {(besucht am 18.04.2024)}
}
@misc{how_to_apply_search_boxes,
  author = {Interaction Foundation},
  title = {How to Apply Search Boxes to Increase Efficiency},
  year = {2021},
  note = {\url{https://www.interaction-design.org/literature/article/how-to-apply-search-boxes-to-increase-efficiency}},
  publisher = {Interaction Design Foundation},
  addendum = {(besucht am 18.04.2024)}
}

@misc{Intelligente_Suche,
  author = {Digital Guid},
  title = {Intelligente Suche},
  year = {2017},
  note = {\url{https://www.ionos.de/digitalguide/websites/webseiten-erstellen/intelligente-suche-alles-zur-usability-der-suchfunktion/}},
  publisher = {Digital Guid},
  addendum = {(besucht am 18.04.2024)}
}

@misc{What_is_a_filter_in_UX/UI_world,
  author = {solution25},
  title = {What is a filter in UX/UI world},
  year = {2022},
  note = {\url{https://solution25.com/en/what-is-a-filter-in-ux-ui-world/}},
  publisher = {solution25},
  addendum = {(besucht am 20.04.2024)}
}
@misc{Designing_Filters_That_Work,
  author = {Vitaly Friedman},
  title = {Designing Filters That Work: Best Practices and Guidelines},
  year = {2021},
  note = {\url{https://www.smashingmagazine.com/2021/07/frustrating-design-patterns-broken-frozen-filters/}},
  publisher = {Smashing Magazine} ,
  addendum = {(besucht am 21.04.2024)}
}
@misc{KI_in_der_Praxis,
  author = {heise online},
  title = {KI in der Praxis - Anwendungsbeispiele aus dem echten Leben},
  year = {2020},
  note = {\url{https://business-services.heise.de/specials/moderne-it-infrastruktur/home/beitrag/ki-in-der-praxis-anwendungsbeispiele-aus-dem-echten-leben-3878}},
  publisher = {Heise Business Services},
  addendum = {(besucht am 21.04.2024)}
}
@misc{Kuenstliche_Intelligenz,
  author = {Meub Lukas},
  title = {Künstliche Intelligenz in der Handwerksorganisation},
  year = {2023},
  note = {\url{chrome-extension://efaidnbmnnnibpcajpcglclefindmkaj/https://ifh.wiwi.uni-goettingen.de/site/assets/files/10518/ifh-fb_20_2023.pdf}},
  publisher = {Volkswirtschaftliches Institut},
  addendum = {(besucht am 21.04.2024)}
}
@misc{KI_Einsatzgebiete,
  author = {it portal},
  title = {Wie künstliche Intelligenz Branchen revolutioniert},
  year = {2023},
  note ={\url {https://www.itportal24.de/ratgeber/ki-einsatzgebiete}},
  publisher = {it portal 24},
  addendum = {(besucht am 21.04.2024)}
}
@misc{Responsive_Design_Best_Practices,
  author = {Interaction Foundation},
  title = {Responsive Design Best Practices},
  year = {2023},
  note = {\url{https://www.interaction-design.org/literature/article/responsive-design-let-the-device-do-the-work}},
  publisher = {interaction design},
  addendum = {(besucht am 19.04.2024)}
}
@misc{Wie_funktioniert_Responsive_Design,
  author = {Henry Eickhoff},
  title = {Wie funktioniert Responsive Design},
  year = {2012},
  note = {\url{https://blog.hubspot.de/website/responsive-design}},
  publisher = {HubSpot},
  addendum = {(besucht am 19.04.2024)}
}

@misc{Angular_Tutorial,
  author = {Robin Boehm},
  title = {Angular Tutorial fuer Einsteiger},
  year = {2021},
  note = {\url{https://angular.de/artikel/angular-tutorial-deutsch/}},
  publisher = {Angular DE},
  addendum = {(besucht am 19.04.2024)}
}
@misc{How_To_Install_Angular,
  author = {Kinsta},
  title = {How To Install Angular on Windows macOS and Linux},
  year = {2023},
  note = {\url{https://kinsta.com/knowledgebase/install-angular/}},
  publisher = {Kinsta},
  addendum = {(besucht am 19.04.2024)}
}
@misc{Introduction_To_Angular_Service_and_Its_Features,
  author = {Chinmayee Deshpande},
  title = {Introduction To Angular Service and Its Features},
  year = {2023},
  note = {\url{https://www.simplilearn.com/tutorials/angular-tutorial/angular-service}},
  publisher = {Simpli learn},
  addendum = {(besucht am 19.04.2024)}
}
@misc{Angular_Architecture_Überblick,
  author = {Karl Gorman},
  title = {Angular Architecture Überblick},
  year = {2021},
  note = {\url{https://chudovo.de/angular-architecture-ueberblick/}},
  publisher = {Chudovo},
  addendum = {(besucht am 19.04.2024)}
}
@misc{Angular_setup_server,
  author = {Angular},
  title = {Angular setup server},
  year = {2021},
  note = {\url{https://angular.io/guide/http-setup-server-communication}},
  publisher = {Google},
  addendum = {(besucht am 19.04.2024)}
}
@misc{Unterschiede_zwischen_HTML_und_HTML5,
  author = {},
  title = {Unterschiede zwischen HTML und HTML 5},
  year = {2019},
  note = {\url{https://lerneprogrammieren.de/unterschied-html-und-html5/}},
  publisher = {lerneprogrammieren}
}

@misc{sql_nosql_manytomany,
  author = {Aaron Schram UND Kenneth M. Anderson},
  title = {SPLASH '12: Proceedings of the 3rd annual conference on Systems, programming, and applications: software for humanity},
  year = {2012},
  note = {https://doi.org/10.1145/2384716.2384773}},
  publisher = {Association for Computing Machinery},
  address = {New York, United States},
  isbn = {9781450315630}
}

@online{solr_elastic,
  author = {vasu dev},
  title = {What is Solr? Comparing Apache Solr vs. Elasticsearch},
  year = {2023},
  note = {\url{https://medium.com/@affiliatevasu/what-is-solr-comparing-apache-solr-vs-elasticsearch-a2703f72f64f}},
  publisher = {medium.com},
  addendum = {(besucht am 21.04.2024)}
}

@online{just_using_ai,
  author = {Victor Tangermann},
  title = {OPENAI SIGNALS THAT IT'LL DESTROY STARTUPS USING ITS TECH TO BUILD PRODUCTS},
  year = {2023},
  note = {\url{https://futurism.com/the-byte/openai-signals-destroy-startups-using-its-tech}},
  publisher = {Recurrent Ventures Inc},
  addendum = {(besucht am 01.05.2024)}
}



@online{spring_structure,
  author = {Phillip Webb et al.},
  title = {Structuring Your Code},
  year = {2018},
  note = {\url{https://docs.spring.io/spring-boot/docs/2.0.0.RELEASE/reference/html/using-boot-structuring-your-code.html}},
  publisher = {spring.io},
  addendum = {(besucht am 21.04.2024)}
}

@online{spring_init,
  author = {Broadcom},
  title = {Spring Initializr},
  year = {2024},
  note = {\url{https://start.spring.io/}},
  publisher = {Broadcom},
  addendum = {(besucht am 21.04.2024)}
}

%@online{nativequery,
%  author = {Broadcom},
%  title = {NativeQuery},
%  year = {2024},
%  note = {\url{google.com},
%  publisher = {Broadcom},
%  addendum = {(besucht am 22.04.2024)}
%}



@online{figma,
  author = {Figma GmbH},
  title = {Figma Design},
  year = {2024},
  note = {\url{https://www.figma.com/de/}},
  publisher = {Figma GmbH},
  addendum = {(besucht am 21.04.2024)}
}

@online{db_engine_ranking,
    author = {solidIT consulting \& software development gmbh},
    title = {DB-Engines},
    year = {2024},
    url  = {https://db-engines.com/de/ranking_definition},
    addendum = {(besucht am 25.02.2024)},
    keywords = {search engine, suchmaschine}
}


@online{figjam,
  author = {Figma GmbH},
  title = {FigJam},
  year = {2024},
  note = {\url{https://www.figma.com/de/figjam/}},
  publisher = {Figma GmbH},
  addendum = {(besucht am 21.04.2024)}
}

@online{customer_journey_map,
  author = {Figma GmbH},
  title = {Vorlagen für Customer Journey Maps zur Veranschaulichung der Vorstellungen deiner Kund*innen.},
  year = {2024},
  note = {\url{https://www.figma.com/de/vorlagen/customer-journey-map/}},
  publisher = {Figma GmbH},
  addendum = {(besucht am 01.05.2024)}
}



@online{spring_solr,
  author = {Broadcom},
  title = {Spring Data for Apache Solr},
  year = {2024},
  note = {\url{https://spring.io/projects/spring-data-solr}},
  publisher = {Broadcom},
  addendum = {(besucht am 21.04.2024)}
}


@misc{Internet_Sicherheit,
  author = {pohlmann},
  title = {Internet Sicherheit},
  year = {ohne Datum},
  note = {\url{https://www.internet-sicherheit.de/}},
  publisher = {Internet Sicherheit},
  addendum = {(besucht am 21.04.2024)}
}

@misc{bildquellen,
  author = {pexels.com et al.},
  title = {Digitale Bildquellen},
  year = {2024},
  note = {\url{https://www.internet-sicherheit.de/} and
  			\url{https://www.pexels.com/photo/woman-sitting-in-front-of-macbook-313690/} and
  			\url{https://www.pexels.com/photo/man-carrying-gray-pipe-585419/} and
  			\url{https://www.pexels.com/photo/bionic-hand-and-human-hand-finger-pointing-6153354/} and
  			\url{https://www.pexels.com/photo/man-with-headphones-facing-computer-monitor-845451/} and
  			\url{https://www.pexels.com/de-de/foto/verruckter-formeller-exekutivmann-der-in-die-kamera-schreit-3760790/} and
  			\url{https://www.pexels.com/de-de/foto/planet-erde-87651/} and
  			\url{https://www.pexels.com/de-de/foto/urteilsskala-und-hammer-im-richteramt-5669602/} and
  			\url{https://www.pexels.com/de-de/foto/geschaftsmann-buro-professionell-ceo-7792828/} and},
  publisher = {https://www.pexels.com/},
  addendum = {(besucht am 21.04.2024)}
}

@misc{bildquellen2,
  author = {worldvectorlogo.com et al.},
  title = {Digitale Bildquellen},
  year = {2024},
  note = {	\url{https://worldvectorlogo.com/de/logo/chatgpt-4} and
  			\url{https://worldvectorlogo.com/de/logo/docker-3} and
  			\url{https://worldvectorlogo.com/de/logo/elastic-kibana} and
  			\url{https://worldvectorlogo.com/de/logo/elasticsearch} and
  			\url{https://worldvectorlogo.com/de/logo/nginx} and
  			\url{https://worldvectorlogo.com/de/logo/angular-icon-1} and \url{https://worldvectorlogo.com/de/logo/spring-3}},
  publisher = {worldvectorlogo.com},
  addendum = {(besucht am 21.04.2024)}
}


@misc{User_Interface_Design,
  author = {hahnsinn},
  title = {User Interface Design Der Leitfaden für ein modernes UI Design},
  year = {ohne Datum},
  note = {\url{https://www.webdesign-journal.de/user-interface-design/}},
  publisher = {Webdesign Journal}
}


@online{chatgpt,
    author = "OpenAI",
    title = "ChatGPT",
    year = 2022,
    url  = "https://chat.openai.com/",
    addendum = "(besucht am 24.02.2024)",
    keywords = "prompt, ai,ki, chatgpt, llm"
}

@online{db_engines,
    author = {solidIT consulting \& software development gmbh},
    title = {DB-Engines},
    year = {2024},
    url  = {https://db-engines.com/de/ranking/suchmaschine},
    addendum = {(besucht am 24.02.2024)},
    keywords = {search engine, suchmaschine}
}

@online{ranking,
    author = {Alex Marquardt},
    title = {Improving search relevance with boolean queries},
    year = {2020},
    url  = {https://www.elastic.co/de/blog/how-to-improve-elasticsearch-search-relevance-with-boolean-queries
},
    addendum = {(besucht am 02.05.2024)},
    keywords = {search engine, suchmaschine}
}


@online{rest_wiki,
    author = {MovGP0 et al.},
    title = {Representational State Transfer
},
    year = {2024},
    url  = {https://de.wikipedia.org/wiki/Representational_State_Transfer
},
    addendum = {(besucht am 02.05.2024)},
    keywords = {search engine, suchmaschine}
}

@online{github_elastic,
    author = {Peter-Josef Meisch et. al},
    title = {spring-data-elasticsearch
},
    year = {2024},
    url  = {https://github.com/spring-projects/spring-data-elasticsearch/blob/main/src/main/java/org/springframework/data/elasticsearch/core/query/Criteria.java
},
    addendum = {(besucht am 02.05.2024)},
    keywords = {search engine, suchmaschine}
}





@online{elastic_faq,
    author = {Elastic},
    title = {FAQ zur Elastic-Lizenz 2.0},
    year = {2024},
    url  = {https://www.elastic.co/de/licensing/elastic-license/faq},
    addendum = {(besucht am 20.04.2024)},
    keywords = {search engine, suchmaschine, elastic}
}

@online{elastic_opensearch,
    author = {Elastic},
    title = {Amazon: NICHT IN ORDNUNG – Warum wir bei Elastic das Lizenzmodell ändern mussten},
    year = {2024},
    url  = {https://www.elastic.co/de/blog/why-license-change-aws},
    addendum = {(besucht am 21.04.2024)},
    keywords = {search engine, suchmaschine, elastic}
}

@online{elastic_opensearch2,
    author = {David Bunting},
    title = {OpenSearch vs. Elasticsearch: Which is Better?},
    year = {2023},
    url  = {https://www.chaossearch.io/blog/opensearch-vs-elasticsearch-comparison},
    addendum = {(besucht am 21.04.2024)},
    keywords = {search engine, suchmaschine, elastic}
}




@misc{gerken,
  author = "Prof. Dr. Jens Gerken",
  title = "Usability \& UX Evaluationsmethoden Vorlesung",
  address = "Gelsenkirchen",
  year = 2021,
  chapter = 2.1
}





@misc{Was_ist_eine_API,
  author = {},
  title = {Was ist eine API},
  year = {2023},
  note = {\url{https://www.redhat.com/de/topics/api/what-are-application-programming-interfaces}},
  publisher = {Red Hat},
  addendum = {(besucht am 21.04.2024)}
}

@misc{How_to_call_REST_API_in_Angular,
  author = {Fuji Nguyen},
  title = {How to call REST API in Angular},
  year = {2022},
  note = {\url{https://medium.com/knowledge-pills/how-to-call-rest-api-in-angular-7622955bf0a9}},
  publisher = {Knowledge Pills},
  addendum = {(besucht am 21.04.2024)}
  
}



@book{Praxisbuch_Usability_und_UX,
  author = {Jens JACOBSEN, Lorena MEYER},
  year = {2022},
  title = {Praxisbuch Usability und UX: was alle wissen sollten, die Websites und Apps entwickeln.},
  publisher = {Rheinwerk Verlag},
  address = {Bonn},
  edition = {3}
}

@book{Barrierefreiheit_verstehen_und_umsetzen,
  author = {Jan Eric Hellbusch ; Kerstin Probiesch},
  year = {2011},
  title = {verstehen und umsetzen: Webstandards für ein zugängliches und nutzbares Internet},
  publisher = {dpunkt-Verl},
  address = {Heidelberg}
}

@book{Webdesign_für_Studium_und_Beruf,
  author = {Norbert Hammer ; Karen Bensmann},
  year = {2011},
  title = {Webdesign für Studium und Beruf: Webseiten planen, gestalten und umsetzen},
  publisher = {Springer},
  address = {Berlin [u.a.]}
}	

@book{Webdesign_&_Web-Ergonomie,
  author = {Prof.Dr.Heide Balzert},
  year = {2004},
  title = {Webdesign & Webergonomie: Webseites professionell gestalten},
  publisher = {Herdecke},
  address = {Dortmund}
}


@misc{Wikipedia,
  author = {Wikipedia contributors},
  title = {Wikipedia, The Free Encyclopedia},
  year = {2004},
  note = {\url{https://www.wikipedia.org/}},
  publisher = {Wikimedia Foundation, Inc.}
}

%Artikel
@misc{Barrierefreier_Internetauftritt,
  author = {Ann-Kathrin Gräfe},
  title = {Barrierefreier Internetauftritt – Praxiswebsite ohne Hürden},
  year = {24. November 2021},
  note = {https://www.thieme-connect.com/products/ejournals/html/10.1055/a-1560-3922#top},
  publisher = {Thieme. All rights reserved.}
}


@misc{Unternehmensberatung_Lebensmittel,
  author = {REFA Austria},
  title = {Unternehmensberatung Lebensmittel},
  year = {kein Datum},
  note = {https://refa-consulting.at/branchen/lebensmittel-konsumgueterindustrie},
  publisher = {REFA },
  addendum = {(besucht am 21.04.2024)}
}



